@string{icassp = {Proc. IEEE Int. Conf. Acoust., Speech, Signal Process.}}

@inproceedings{GuDogandzic2013,
  title ={Beam Hardening Correction Via Mass Attenuation Discretization},
  booktitle = ICASSP,
  author  = {Gu, Renliang and Dogand\v{z}i\'{c}, Aleksandar},
  pubstate={to appear},
  Address = {Vancouver, Canada},
  Month = may,
  year = {2013},
  pages={1085-1089},
}

